% Encoding: UTF-8

@Misc{Perdiz2021_Flavia,
  author  = {Perdiz, R. O. and Pequeno, Pedro and Oliveira, Rodrigo Leonardo Costa},
  title   = {Participação como membro de banca examinadora de avaliação da dissertação da discente Flávia Abreu Paiva Pinheiro intitulado "Leguminosae em duas áreas de savanas em Roraima: Levantamento florístico e potencial econômico com ênfase nas ornamentais" dentro do programa de pós-graduação em Recursos Naturais (PRONAT) da Universidade Federal de Roraima.},
  month   = {dez},
  year    = {2021},
  note    = {banca},
  comment = {portugues},
}

@Misc{Perdiz2021_Willian,
  author  = {Perdiz, R. O. and Queiroz, Rubens T. and Silva, E. E.},
  title   = {Participação como membro de banca examinadora de avaliação do projeto de mestrado do discente Willian Alves Cavalcante intitulado "Leguminosae em duas áreas de savanas em Roraima: Levantamento florístico e potencial econômico com ênfase nas ornamentais" dentro do programa de pós-graduação em Agroecologia da Universidade Estadual de Roraima.},
  month   = {mar},
  year    = {2021},
  note    = {banca},
  comment = {portugues},
}

@Misc{Perdiz2021_Zuleide,
  author  = {Perdiz, R. O. and Oliveira, Rodrigo Leonardo Costa and Almeida, Luís Felipe P.},
  title   = {Participação como membro de banca examinadora de avaliação do projeto de mestrado da discente Zuleide Possidonio Torres Rebouças intitulado "Levantamento de eudicotiledôneas ruderais no município de Boa Vista - RR" dentro do programa de pós-graduação em Agroecologia da Universidade Estadual de Roraima.},
  year    = {2021},
  note    = {banca},
  comment = {portugues},
}

@Comment{jabref-meta: databaseType:bibtex;}
