% Encoding: UTF-8

@Article{Souzaetal2020,
  author  = {Souza, Danilo and Toledo, Jos{\'e} and Castilho, Carolina and Damasco, Gabriel and Perdiz, R. O. and Zartman, Charles and Pimentel, T{\^a}nia and Nascimento, Henrique},
  title   = {{Disentangling Edaphic, Hydrological and Floristic Effects on Wood Density Variation Between Two Dominant Forest Types in the Amazon}},
  journal = {Anais da Academia Brasileira de CiÃªncias},
  year    = {\noop{3003}rejected},
  file    = {:/Users/ricoperdiz/Documents/producao_cientifica/Work/Souzaetal_AABC-PAPER_WoodDensity/Souzaetal_AABC-submitted.pdf:PDF},
}

@Comment{jabref-meta: databaseType:bibtex;}
